<?xml version="1.0" encoding="UTF-8"?><collection xmlns="http://www.loc.gov/MARC21/slim"><record><leader>00352nam--2200121-i-4500</leader><controlfield tag="001">000005744</controlfield><controlfield tag="002">20161230</controlfield><controlfield tag="005">20161230201026</controlfield><controlfield tag="008">060222s1000------------r-----000-0-eng-d</controlfield><datafield ind1=" " ind2=" " tag="100"><subfield code="a">Dalzell, Carson</subfield></datafield><datafield ind1=" " ind2=" " tag="245"><subfield code="a">Nuclear fuel element development</subfield></datafield><datafield ind1=" " ind2=" " tag="260"><subfield code="a">Philadelphia, American Soc.For Testing Materials, 1960</subfield></datafield><datafield ind1=" " ind2=" " tag="490"><subfield code="a">H.W.Gillett Memorial Lecture, 1960</subfield></datafield></record></collection>